3500 5200
645 582 707 623 ιγ
1707 560 2027 621 Praefatio.

641 751 1028 804 enumerare
1073 726 1231 801 mibi
1273 730 1624 825 proposui,
1677 730 1942 803 omissis
1986 730 2578 828 descriptionibus,
2633 760 2791 831 quas
2839 740 2907 813 iu
2960 766 3107 813 am·-

643 866 844 963 pliori
893 886 1088 960 opere
1150 887 1193 935 a
1261 888 1365 937 me
1417 864 1687 961 posthac
1751 864 2006 936 edendo
2067 866 2479 940 exhibiturus
2549 895 2715 942 sum.
2826 872 2967 947 Sed
3038 888 3109 949 ut

647 1001 820 1073 haec
859 997 1188 1093 Synopsis
1229 998 1708 1094 mineralogiae
1758 999 2127 1071 cultoribus
2181 1000 2443 1073 interim
2486 1005 2733 1100 aliquid
2794 1011 3109 1081 commodi

638 1136 910 1223 afferat,
958 1132 1030 1201 in
1079 1154 1164 1203 ea
1217 1156 1346 1203 non
1391 1139 1640 1204 tantum
1693 1134 1900 1203 libros
1952 1140 2148 1228 atque
2194 1135 2647 1229 ephemerides
2694 1144 2965 1234 notavi,
3032 1146 3103 1215 in

635 1269 868 1365 quibus
917 1289 1121 1339 novae
1164 1266 1574 1338 mineralium
1613 1266 1871 1361 species
1910 1266 2284 1361 descriptae
2345 1278 2533 1359 sunt,
2605 1295 2731 1343 nec
2799 1298 2935 1345 non
2981 1300 3103 1365 sy-

637 1427 924 1498 nonyma
969 1399 1344 1497 specierum
1397 1400 1572 1496 quod
1632 1400 1835 1471 sciam
1908 1399 2128 1471 omnia
2176 1402 2485 1496 apposui,
2542 1408 2921 1479 recentiora
2967 1435 3100 1481 non

635 1539 854 1610 minus
901 1559 1099 1632 quam
1143 1534 1623 1629 antiqua,.sed
1665 1535 1872 1607 etiam
1921 1535 2221 1606 omnibus
2264 1538 2613 1633 speciebus
2660 1564 2949 1614 summas
2984 1546 3108 1615 ad-

630 1672 823 1771 junxi
865 1671 1232 1760 analysium
1269 1666 1755 1759 chemicarnm,
1802 1692 1973 1764 quae
2016 1669 2173 1741 inde
2216 1667 2299 1741 ab
2356 1695 2531 1743 anno
2580 1674 2776 1748 1839
2810 1676 3109 1756 =institu-

640 1817 749 1879 tae
797 1813 989 1898 sunt,
1057 1828 1386 1899 novasque
1433 1804 1732 1899 species,
1800 1828 2071 1899 quarum
2104 1848 2113 1854 -
2147 1806 2220 1876 in
2276 1805 2645 1879 enchiridio
2702 1835 2847 1881 meo
2908 1838 3108 1908 supra

640 1942 821 2015 dicto
875 1940 1166 2016 nondum
1227 1939 1480 2012 mentio
1529 1938 1716 2012 sacta
1782 1945 1921 2030 est,
1990 1939 2143 2011 aliis
2189 1940 2461 2036 insuper
2510 1941 2979 2017 additamentis
3019 1948 3109 2016 il-

637 2078 944 2167 lustravi,
1007 2100 1178 2169 qnae
1236 2083 1350 2146 aut
1408 2074 1494 2144 ad
1551 2098 1781 2143 earnm
1857 2082 2159 2145 naturam
2220 2076 2685 2167 explicandam
2742 2081 3104 2167 pertinent,

639 2217 756 2283 aut
809 2208 1136 2281 rationem
1199 2206 1334 2279 loci
1392 2203 1718 2295 reddunt,
1788 2228 1980 2299 quem
2046 2205 2129 2277 iis
2186 2208 2259 2276 in
2315 2212 2674 2297 systemate
2742 2209 3098 2301 assignavi.

637 2345 827 2435 Quae
887 2367 1082 2439 quum
1130 2342 1228 2413 ita
1291 2340 1465 2430 sint,
1533 2338 1704 2411 haec
1746 2336 2081 2435 Synopsis
2144 2337 2377 2429 docet,
2442 2348 2751 2435 quantum
2798 2340 2954 2413 inde
3010 2344 3097 2415 ab

636 2500 813 2549 anno
867 2477 1065 2551 1839
1111 2498 1319 2571 usque
1359 2474 1448 2547 ad
1485 2474 1658 2547 hunc
1699 2473 1875 2555 diem,
1914 2474 1986 2544 in
2024 2473 2435 2569 singulorum
2484 2497 2802 2573 generum
2850 2485 2917 2550 et
2950 2502 3108 2573 spe-

637 2614 890 2686 cierunt
947 2611 1364 2686 mineralium
1428 2611 1811 2706 cognitione
1855 2608 2367 2706 profecerimus3
2429 2609 2654 2706 itaque
2728 2612 2961 2708 aliqua
3018 2635 3103 2686 ex

640 2754 836 2844 parte
879 2772 1004 2845 pro
1067 2745 1422 2820 enchiridii
1471 2746 1601 2818 mei
1649 2746 2262 2842 supplemento
2310 2744 2541 2816 baberi
2583 2751 2826 2840 potest.

837 2897 1050 2972 Nemo
1095 2896 1205 2995 qui
1246 2903 1561 2994 quantum
1605 2905 1838 2968 nostra
1882 2901 2105 2966 aetate
2154 2895 2593 2987 minei-alogia
2647 2903 2843 2964 ancta
2904 2904 3105 2990 atque

637 3035 913 3106 exculta
956 3033 1081 3123 sit,
1133 3030 1520 3124 intelligere
1563 3034 1819 3122 potest,
1862 3025 2303 3121 improbabit,
2354 3025 2525 3120 quod
2572 3026 2921 3099 mineralia
2967 2995 3104 3098 suis

638 3187 934 3264 quaeque
998 3165 1352 3262 speciebus
1404 3169 1474 3235 et
1542 3160 1907 3257 generibus
1944 3159 2257 3231 subtilius
2314 3159 2707 3256 disponere,
2756 3161 2837 3232 ad
2887 3162 3107 3233 mino·

639 3326 817 3394 rem,
878 3307 1191 3396 quantum
1243 3295 1393 3369 fieri
1446 3303 1709 3394 potest,
1775 3317 2094 3390 generum
2152 3317 2489 3366 numerum
2550 3295 2857 3390 redigere
2894 3298 3105 3393 iisque

640 3436 910 3509 nomina
955 3433 1172 3506 latina
1207 3433 1630 3527 systematica
1691 3437 1761 3503 et
1795 3451 1967 3525 quae
2023 3429 2225 3501 facile
2263 3429 2723 3524 intelligantur
2762 3432 3104 3526 imponere

638 3571 708 3642 in
753 3570 880 3643 bac
924 3566 1224 3662 Synopsi
1263 3574 1540 3640 conatus
1583 3586 1746 3637 sum.
1850 3563 2040 3636 Haec
2082 3565 2255 3636 enim
2300 3572 2529 3636 nostro
2580 3572 2873 3660 tempore
2925 3563 3107 3634 desi·—

641 3705 864 3776 derari
903 3710 972 3776 et
1026 3700 1500 3796 mineralogiae
1551 3699 1808 3790 studio,
1856 3701 2052 3793 quale
2114 3721 2291 3770 nunc
2353 3708 2486 3789 est,
2540 3698 2895 3770 convenire
2948 3697 3106 3767 mihi

639 3838 978 3912 videntur.
1083 3837 1274 3927 Quae
1319 3835 1378 3908 si
1421 3833 1521 3906 ita
1567 3841 1642 3904 nt
1685 3839 1873 3906 recta
1915 3830 2236 3905 scientiae
2276 3832 2446 3904 ratio
2485 3830 2701 3926 jubet,
2752 3827 3105 3924 aliquando

637 3972 946 4068 perfecta
984 3970 1276 4060 fuerint,
1325 3967 1560 4064 majori
1615 3974 1906 4062 systema
1946 3967 2263 4063 gaudebit
2322 3962 2747 4057 simplicitate
2802 3985 2885 4034 ac
2943 3985 3108 4058 par·-

641 4104 805 4176 tium
879 4105 1054 4176 inter
1125 4128 1198 4176 se
1263 4102 1645 4197 junctarum
1725 4098 2190 4174 convenientia
2256 4095 2563 4191 idemque
2635 4096 2723 4168 ab
2797 4095 3099 4168 omnibus

641 4237 929 4310 omnium
970 4237 1262 4340 gentium
1307 4236 1462 4308 viris
1505 4234 1716 4307 doctis
1768 4233 2087 4306 facillime
2140 4231 2579 4325 intelligetur.

846 4371 1231 4444 Dolendum
1297 4377 1439 4460 est,
1507 4367 1678 4464 quod
1743 4366 2099 4462 disciplina
2162 4363 2645 4460 mineralogica
2700 4384 3099 4458 magnopere

641 4505 1017 4582 deformata
1079 4512 1184 4578 est
1247 4499 1668 4576 multitudine
1733 4499 2068 4571 nominum
2134 4505 2249 4570 ant
2309 4498 2683 4595 ineptorum
2736 4503 2851 4569 aut
2904 4519 3103 4590 prave
