3500 5200
1171 1592 2205 1730 Praefatio.

451 2043 976 2158 Mineralinm
1035 2092 1325 2176 systema
1379 2085 1466 2154 ad
1526 2081 1893 2156 affinitates
1950 2081 2291 2156 naturales
2346 2103 2741 2177 componere
2792 2085 2907 2178 qui

455 2218 585 2290 sibi
650 2215 1031 2312 proposuit,
1111 2225 1272 2312 quot
1333 2217 1718 2314 quantisque
1770 2216 2273 2290 difficultatibus
2336 2217 2637 2308 laboret,
2718 2243 2907 2292 nemo

447 2352 650 2425 facile
688 2350 1071 2446 intelligere
1113 2360 1352 2448 potest,
1394 2353 1527 2424 nisi
1575 2352 1684 2447 qui
1727 2355 1873 2448 ipse
1916 2352 2088 2422 hanc
2123 2375 2263 2422 rem
2296 2375 2695 2447 operamque
2726 2356 2905 2426 omni

447 2486 664 2561 studio
713 2508 1074 2580 aggressus
1125 2459 1250 2561 est,
1350 2485 1526 2558 Mihi
1569 2487 1872 2582 quidem,
1923 2487 2215 2579 quamvis
2250 2488 2386 2583 jam
2439 2488 2735 2582 pluribus
2776 2489 2903 2560 ab-

445 2625 606 2695 hinc
659 2620 849 2693 annis
901 2619 985 2693 de
1053 2621 1178 2694 bac
1233 2645 1310 2694 re
1363 2622 1600 2697 sedulo
1658 2620 2089 2716 cogitaverim
2136 2630 2243 2712 et,
2311 2630 2620 2717 quantum
2676 2623 2749 2694 in
2796 2647 2903 2695 me

390 2804 396 2815 ι
441 2766 629 2848 erat,
680 2757 752 2826 in
789 2780 870 2827 ea
915 2757 1430 2846 elaboraverim,
1484 2765 1704 2828 tamen
1748 2780 1883 2827 non
1932 2756 2246 2851 contigit,
2303 2764 2377 2827 ut
2412 2781 2733 2853 generum
2772 2759 2904 2828 mi-

443 2892 774 2961 nei-alium
826 2888 1170 2982 dispositio
1215 2911 1298 2957 ea
1339 2886 1557 2976 fieret,
1610 2908 1781 2980 quae
1822 2887 2126 2981 imagini,
2176 2912 2373 2981 quam
2408 2889 2492 2960 de
2546 2898 2901 2981 systemate

431 2992 766 3113 naturali,
815 3021 1012 3115 quale
1047 3044 1191 3093 esse
1233 3018 1430 3092 debet
1448 3070 1474 3110 ,
1539 3022 1760 3091 animo
1797 3043 1945 3092 meo
1990 3024 2312 3117 concepi,
2364 3023 2449 3093 ab
2491 3023 2671 3093 omni
2708 3030 2903 3119 parte

311 3253 314 3257 .
437 3156 887 3255 responderet.
989 3154 1440 3227 Nihilominus
1487 3139 1703 3227 autem
1745 3153 1920 3225 haud
1950 3153 2033 3225 ab
2062 3178 2137 3226 re
2165 3154 2458 3227 futurum
2482 3180 2631 3229 esse
2661 3157 2899 3230 existi-

437 3294 660 3384 mavi,
709 3313 916 3363 novae
955 3313 1142 3362 meae
1182 3288 1594 3361 mineralinm
1651 3287 2108 3385 dispositionis
2158 3286 2501 3385 Synopsin
2550 3291 2623 3363 in
2674 3294 2899 3388 publi-

435 3454 583 3501 cum
623 3425 866 3515 edere,
917 3431 992 3497 ut
1029 3423 1141 3519 qui
1185 3422 1766 3533 eundejnsmecum
1818 3422 2007 3495 finem
2047 3422 2119 3494 in
2165 3420 2293 3495 bac
2334 3448 2407 3495 re
2450 3426 2715 3521 assequi
2752 3437 2897 3499 stu-

431 3564 619 3652 dent,
664 3602 764 3615 --
808 3558 1070 3631 seilicet
1113 3566 1187 3630 ut
1228 3530 1496 3629 ordines
1539 3558 1952 3630 mineralium
2000 3556 2335 3627 naturales
2378 3564 2660 3631 naturae
2698 3584 2893 3655 quam

429 3696 714 3768 maxime
771 3693 1238 3765 convenienter
1291 3700 1750 3788 exponantur,
1804 3734 1906 3749 -
1956 3690 2210 3781 sciant,
2280 3697 2605 3787 qnatenus
2674 3702 2890 3788 syste-

428 3853 564 3919 ma,
615 3826 787 3921 quod
827 3826 898 3897 in
933 3827 1101 3898 libro
1143 3850 1318 3918 meo,
1367 3828 1480 3922 qui
1517 3826 1900 3923 inscribitur
1955 3877 2002 3918 „
2020 3823 2436 3901 Gnmdriss
2464 3828 2601 3900 der
2626 3827 2885 3903 Mine-

425 3958 791 4057 ralogie“
833 3967 962 4031 etc.
1015 3958 1295 4051 (1839)
1344 3970 1612 4033 secutus
1653 3985 1837 4053 sum,
1889 3984 2092 4057 usque
2146 3960 2227 4033 ad
2285 3960 2463 4035 hunc
2506 3960 2683 4036 diem
2726 3988 2886 4037 cor-

424 4105 677 4171 rectum
719 4102 791 4167 et
834 4090 1300 4188 amplificatum
1350 4093 1462 4165 sit.

614 4226 701 4300 In
759 4227 889 4299 hac
949 4227 1300 4300 novissimi
1353 4229 1486 4300 mei
1543 4228 1959 4323 systematis,
2040 4228 2211 4326 quod
2264 4232 2611 4304 brevitatis
2670 4254 2879 4305 causa

417 4366 518 4437 ita
565 4361 908 4472 appellare
951 4361 1188 4452 liceat,
1239 4361 1582 4435 succincta
1623 4360 2119 4436 adumbratione
2166 4350 2495 4455 omnium,
2548 4371 2871 4462 quotquot

418 4496 634 4583 adhuc
674 4500 938 4591 reperta
979 4503 1134 4565 sunt
1148 4544 1174 4584 ,
1238 4519 1558 4591 generum
1609 4504 1678 4570 et
1725 4498 2093 4594 specierum
2141 4498 2561 4571 mineralium
2602 4502 2869 4577 nomina
