3500 5200
1477 597 1791 657 Praefatio.
2826 621 2863 659 v

419 767 966 863 compositorum,
1021 766 1240 860 qualia
1287 787 1328 835 a
1378 765 1855 836 recentioribus
1908 764 2329 861 quibusdam,
2379 766 2489 861 qui
2544 773 2614 838 et
2665 767 2874 841 disci-

416 903 642 997 plinae
697 908 766 973 et
810 901 1072 995 linguae
1121 899 1308 992 leges
1375 899 1811 992 neglexerunt
1877 899 1979 969 vel
2043 899 2561 994 ignoraverunt,
2616 903 2873 995 prolata

420 1044 609 1125 sunt,
664 1056 1061 1129 quorumque
1112 1033 1416 1125 exempla
1463 1031 1638 1101 haud
1687 1054 1898 1124 pauca
1945 1031 2016 1100 in
2066 1031 2192 1103 hac
2243 1030 2537 1129 Synopsi
2588 1040 2871 1107 exstant.

420 1167 644 1240 Valde
711 1165 1065 1261 optandum
1133 1170 1269 1255 est,
1333 1170 1405 1233 ut
1472 1162 1793 1258 ejusmodi
1848 1165 2109 1234 nomina
2174 1189 2214 1235 a
2265 1165 2689 1260 mineralogis
2741 1191 2871 1239 non

420 1301 868 1397 recipiantur,
919 1323 1005 1370 ne
1059 1296 1342 1369 scientia
1389 1296 1460 1366 in
1513 1296 1881 1368 barbariem
1935 1297 2155 1369 cadat.

634 1433 718 1505 In
778 1457 1016 1526 magno
1083 1430 1538 1518 mineralium,
1606 1452 1771 1525 quae
1833 1436 2062 1501 nostra
2112 1438 2328 1504 aetate
2375 1440 2640 1526 reperta
2689 1442 2870 1525 sunt,

425 1592 694 1641 numero
745 1569 937 1662 plura
983 1564 1435 1652 inveniuntur,
1501 1586 1773 1657 quorum
1822 1572 1935 1634 aut
1992 1565 2248 1660 species
2302 1572 2415 1635 aut
2457 1590 2703 1661 gcnera
2750 1568 2876 1638 du-

422 1705 535 1775 bia
573 1709 757 1791 sunt,
810 1721 1058 1794 eaque,
1111 1721 1305 1791 quum
1357 1720 1396 1767 a
1445 1697 1618 1767 ratis
1671 1694 1951 1791 fixisque
2004 1699 2361 1791 generibus
2413 1706 2482 1769 et
2530 1700 2877 1794 speciebus

426 1838 784 1931 diligenter
832 1828 1261 1903 discernenda
1311 1830 1478 1919 siut,
1529 1830 1849 1901 asterisco
1900 1832 1933 1869 *
1987 1832 2237 1903 notavi.

643 1969 828 2057 Quae
890 1965 964 2034 in
1030 1959 1456 2057 disponendis
1510 1962 1945 2033 mineralibus
2006 1964 2335 2058 principia
2397 1972 2660 2036 secutus
2710 1990 2878 2058 sum,

431 2126 513 2173 ea
559 2102 628 2171 in
678 2099 849 2169 libro
899 2118 1050 2165 mco
1101 2116 1300 2189 supra
1355 2093 1536 2164 dicto
1592 2091 1900 2165 distincte
1947 2101 2017 2165 et
2063 2094 2405 2168 enucleate
2456 2098 2805 2193 explicavi.

647 2230 979 2305 Ceterum.
1004 2251 1132 2324 quo
1183 2226 1452 2298 felicius
1502 2226 1940 2321 mineralogia
1991 2229 2253 2300 exculta
2310 2230 2483 2320 erit,
2538 2255 2617 2302 eo
2663 2233 2875 2328 magis

431 2364 729 2438 omnibus
769 2362 1182 2458 perspicuum
1229 2360 1374 2451 fiet,
1424 2368 1663 2453 system
1675 2367 1783 2432 ate
1831 2361 2247 2433 mineralium
2296 2364 2585 2435 naturali
2636 2365 2722 2437 ad
2775 2366 2882 2439 af·-

427 2496 719 2569 finitates
763 2496 1176 2591 specierum,
1241 2502 1554 2589 quantum
1603 2493 1754 2565 fieri
1807 2500 2064 2596 potest,
2120 2496 2525 2569 conformato
2576 2521 2708 2570 non
2762 2524 2883 2573 so-

427 2635 561 2704 lum
614 2631 739 2702 hoc
785 2628 1000 2718 effici,
1048 2637 1124 2699 ut
1177 2629 1408 2700 melius
1459 2636 1937 2723 cognoscatur,
2002 2652 2169 2724 quae
2218 2631 2397 2702 inter
2450 2632 2717 2727 singula
2755 2608 2879 2729 ’ἕο-τ

429 2788 593 2837 uera
633 2763 1052 2856 singulasque
1097 2761 1356 2854 species
1405 2762 1576 2831 ratio
1627 2759 2040 2851 intercedat,
2107 2787 2343 2834 verum
2405 2765 2598 2836 etiam
2648 2779 2873 2837 corum

435 2895 760 2982 omnium,
810 2883 977 2985 quae
1023 2891 1090 2959 in
1138 2890 1266 2961 hoc
1314 2913 1550 2985 campo
1601 2891 1981 2965 etiamnunc
2036 2895 2313 2965 obscura
2353 2905 2543 2986 sunt,
2591 2899 2881 2970 investi..

431 3030 764 3124 gationem
815 3023 1162 3119 plurimum
1215 3023 1536 3118 adjuvari.

536 3189 967 3265 Scn'bebam
1010 3191 1584 3265 vratislaviao
1630 3187 1697 3261 d.
1751 3189 1997 3265 XVII.
2044 3191 2195 3265 Cal.
2249 3192 2446 3290 Sept.
2500 3197 2727 3268 1847.

1995 3467 2113 3538 Ε.
2160 3467 2278 3539 13³.
2327 3468 2795 3544 Glocker.
